@article{Kupershtokh:2009:ESL,
 author = {Kupershtokh, A. L. and Medvedev, D. A. and Karpov, D. I.},
 title = {On equations of state in a lattice Boltzmann method},
 journal = {Comput. Math. Appl.},
 volume = {58},
 issue = {5},
 month = {September},
 year = {2009},
 issn = {0898-1221},
 pages = {965--974},
 numpages = {10},
 url = {http://dl.acm.org/citation.cfm?id=1576854.1576931},
 doi = {10.1016/j.camwa.2009.02.024},
 acmid = {1576931},
 publisher = {Pergamon Press, Inc.},
 address = {Tarrytown, NY, USA},
 keywords = {Equation of state, Lattice Boltzmann equation method, Phase transition, Two-phase flow},
} 

@article{Walsh:2010,
  title = {Interpolated lattice Boltzmann boundary conditions for surface reaction kinetics},
  month = {Dec},
  doi = {10.1103/PhysRevE.82.066703},
  author = {Walsh, S. D. C. and Saar, M. O.},
  year = {2010},
  issue = {6},
  url = {http://link.aps.org/doi/10.1103/PhysRevE.82.066703},
  numpages = {10},
  journal = {Phys. Rev. E},
  publisher = {American Physical Society},
  pages = {066703},
  volume = {82}
}

@article{Scardovelli:1999,
author = {Scardovelli, R. and Zaleski, S.},
title = "Direct numerical simulation of free-surface and interfacial flow",
journal = "Annu. Rev. Fluid Mech.", 
volume = "31", 
pages= "567-603",
year = "1999"
}

@article{Wagner:2003:IntJModPhysB,
author={Wagner, A. J.},  
title={The origin of spurious velocities in lattice Boltzmann}, 
journal={Int. J. Mod. Phys. B},
volume={17}, 
pages={193},
year={2003}, 
url={http://arxiv.org/abs/cond-mat/0207558} 
}

@article{Lee:2006:PhysRevE.74,
  title = {Eliminating parasitic currents in the lattice Boltzmann equation method for nonideal gases},
  month = {Oct},
  doi = {10.1103/PhysRevE.74.046709},
  author = {Lee, Taehun and Fischer, Paul F.},
  year = {2006},
  issue = {4},
  url = {http://link.aps.org/doi/10.1103/PhysRevE.74.046709},
  numpages = {7},
  journal = {Phys. Rev. E},
  publisher = {American Physical Society},
  pages = {046709},
  volume = {74}
}

@article{Lishchuk:2003:PhysRevE.67,
  title = {Lattice Boltzmann algorithm for surface tension with greatly reduced microcurrents},
  month = {Mar},
  doi = {10.1103/PhysRevE.67.036701},
  author = {Lishchuk, S. V. and Care, C. M. and Halliday, I.},
  year = {2003},
  issue = {3},
  url = {http://link.aps.org/doi/10.1103/PhysRevE.67.036701},
  numpages = {5},
  journal = {Phys. Rev. E},
  publisher = {American Physical Society},
  pages = {036701},
  volume = {67}
}

@article{Latva-Kokko:2005:PhysRevE.71,
  title = {Diffusion properties of gradient-based lattice Boltzmann models of immiscible fluids},
  month = {May},
  doi = {10.1103/PhysRevE.71.056702},
  author = {Latva-Kokko, M. and Rothman, Daniel H.},
  year = {2005},
  issue = {5},
  url = {http://link.aps.org/doi/10.1103/PhysRevE.71.056702},
  numpages = {8},
  journal = {Phys. Rev. E},
  publisher = {American Physical Society},
  pages = {056702},
  volume = {71}
}

@article{Brackbill:1992,
title = "A continuum method for modeling surface tension",
journal = "Journal of Computational Physics",
volume = "100",
number = "2",
pages = "335 - 354",
year = "1992",
note = "",
issn = "0021-9991",
doi = "10.1016/0021-9991(92)90240-Y",
url = "http://www.sciencedirect.com/science/article/pii/002199919290240Y",
author = "J. U Brackbill and D. B Kothe and C Zemach"
}

@article{Wu:2008,
title = "Three-dimensional lattice Boltzmann simulations of droplet formation in a cross-junction microchannel",
journal = "International Journal of Multiphase Flow",
volume = "34",
number = "9",
pages = "852 - 864",
year = "2008",
note = "",
issn = "0301-9322",
doi = "10.1016/j.ijmultiphaseflow.2008.02.009",
url = "http://www.sciencedirect.com/science/article/pii/S030193220800044X",
author = "Long Wu and Michihisa Tsutahara and Lae Sung Kim and ManYeong Ha",
}


@article{Georgiadis:2010,
title = "Interfacial Tension Measurements of the (H$_2$O + CO$_2$) System at Elevated Pressures and Temperatures",
journal = "Journal of Chemical and Engineering Data",
volume = "55",
number = "10",
pages = "4168 - 4175",
year = "2010", 
note = "",
issn = "",
doi = "",
url = "",
author = "Apostolos Georgiadis and Geoffrey Maitland and J\.P\. Martin Trsuler and Alexander Bismark",
}

@article{Hebach:2002,
title = "Interfacial tension at elevated presures--measurements and correlations in the water + carbon dioxide system",
journal = "Journal of Chemical and Engineering Data",
volume = "47",
number = "",
pages = "1540 - 1546",
year = "2002", 
note = "",
issn = "",
doi = "",
url = "",
author = "A. Hebach and A. Oberhof and N. Dahmen and A. K{\"o}gel and H. Ederer and E. Dinjus",
}

@article{Tewes:2004,
title = "Thermodynamic and dynamic interfacial properties of binary carbon dioxide -- water systems",
journal = "Journal of Physical Chemistry B",
volume = "108",
number = "",
pages = "2405 - 2412",
year = "2004",
note = "",
issn = "",
doi = "",
url = "",
author = "F. Tewes and F. Boury",
}

@article{Bloomfield:1971,
title = "Viscosity of Liquid Mixtures",
journal = "Journal of Physical Chemistry",
volume = "75",
number = "",
pages = "3113 - 3119",
year = "1971",
note = "",
issn = "",
doi = "",
url = "",
author = "Victor A. Bloomfield and R. K. Dewan",
}

@article{Chen:2009,
title = "Lattice Boltzmann simulation of the rise and dissolution of two-dimensional immiscible droplets",
journal = "Physics of fluids",
volume = "21",
number = "",
pages = "103301",
year = "2009",
note = "",
issn = "",
doi = "",
url = "",
author = "Cheng Chen and Dongxiao Zhang",
}

@article{Langaas:2000,
title = "Lattice Boltzmann simulation of a binary fluid with different phase viscosities and its application to 
fingering in two dimensions",
journal = "European Physical Journal B",
volume = "15",
number = "",
pages = "133 - 141",
year = "2000",
note = "",
issn = "",
doi = "",
url = "",
author = "K. Langaas and J. M. Yeomans",
}

@article{aursj√∏2010oscillation,
  title={Oscillation-induced displacement patterns in a two-dimensional porous medium: A lattice Boltzmann study},
  author={Aursj{\o}, O. and Knudsen, H. A. and Flekk{\o}y, E. G. and M{\aa}l{\o}y, K. J.},
  journal={Physical Review E},
  volume={82},
  number={2},
  pages={026305},
  year={2010},
  publisher={APS}
}

@article{latva2005static,
  title={Static contact angle in lattice Boltzmann models of immiscible fluids},
  author={Latva-Kokko, M. and Rothman, D. H.},
  journal={Physical Review E},
  volume={72},
  number={4},
  pages={046701},
  year={2005},
  publisher={APS}
}
@book{rothman1997lattice,
  title={Lattice-gas cellular automata: simple models of complex hydrodynamics},
  author={Rothman, D. H. and Zaleski, S.},
  volume={},
  year={1997},
  publisher={Cambridge Univ Press}
}

@book{cannon84,
  title={The One-Dimensional Heat Equation},
  author={J. R. Cannon},
  volume={},
  year={1984},
  publisher={Cambridge Univ Press}
}

@article{d1995two,
  title={Two-color nonlinear Boltzmann cellular automata: Surface tension and wetting},
  author={d'Ortona, U. and Salin, D. and Cieplak, M. and Rybka, R. B. and Banavar, J.R.},
  journal={Physical Review E},
  volume={51},
  number={4},
  pages={3718},
  year={1995},
  publisher={APS}
}
@article{GuoPhysRevE.65.046308,
  title = {Discrete lattice effects on the forcing term in the lattice Boltzmann method},
  author = {Guo, Zhaoli and Zheng, Chuguang and Shi, Baochang},
  journal = {Physical Review E},
  volume = {65},
  issue = {4},
  pages = {046308},
  numpages = {6},
  year = {2002},
  month = {Apr},
  doi = {10.1103/PhysRevE.65.046308},
  url = {http://link.aps.org/doi/10.1103/PhysRevE.65.046308},
  publisher = {American Physical Society}
}

@book{landau87,
  title={Fluid Mechanics, 2nd Ed},
  author={Landau, L. D. and Lifshitz, E. M.  },
  volume={},
  year={1987},
  publisher={Butterworth-Heinemann}
}

@book{succi2001lattice,
  title={The Lattice-Boltzmann Equation},
  author={Succi, Sauro},
  year={2001},
  publisher={Oxford university press, Oxford}
}

@article{chopard2009lattice,
  title={The lattice Boltzmann advection-diffusion model revisited},
  author={Chopard, B and Falcone, J. L and Latt, J},
  journal={The European Physical Journal-Special Topics},
  volume={171},
  number={1},
  pages={245--249},
  year={2009},
  publisher={Springer}
}

@article{flekkoy1993lattice,
  title={Lattice Bhatnagar-Gross-Krook models for miscible fluids},
  author={Flekk{\o}y, E. G.},
  journal={Physical Review E},
  volume={47},
  number={6},
  pages={4247},
  year={1993},
  publisher={APS}
}

@article{guo1999fully,
  title={Fully Lagrangian and lattice Boltzmann methods for the advection-diffusion equation},
  author={Guo, ZhaoLi and Shi, Baochang and Wang, Nengchao},
  journal={Journal of scientific computing},
  volume={14},
  number={3},
  pages={291--300},
  year={1999},
  publisher={Springer}
}

@article{suga2006numerical,
  title={Numerical schemes obtained from lattice Boltzmann equations for advection diffusion equations},
  author={Suga, Shinsuke},
  journal={International Journal of Modern Physics C},
  volume={17},
  number={11},
  pages={1563--1577},
  year={2006},
  publisher={World Scientific}
}

@article{huang2011numerical,
  title={Numerical study of lattice Boltzmann methods for a convection--diffusion equation coupled with Navier--Stokes equations},
  author={Huang, H. B and Lu, X. Y and Sukop, M. C},
  journal={Journal of Physics A: Mathematical and Theoretical},
  volume={44},
  number={5},
  pages={055001},
  year={2011},
  publisher={IOP Publishing}
}

@article{aursjopride2015,
  title = {Lattice Boltzmann method for diffusion-limited partial dissolution of fluids},
  author = {Aursj\o{}, Olav and Pride, Steven R.},
  journal = {Phys. Rev. E},
  volume = {92},
  issue = {1},
  pages = {013306},
  numpages = {14},
  year = {2015},
  month = {Jul},
  publisher = {American Physical Society},
  doi = {10.1103/PhysRevE.92.013306},
  url = {http://link.aps.org/doi/10.1103/PhysRevE.92.013306}
}


@article{he2000lattice,
  title={Lattice Boltzmann simulation of diffusion-convection systems with surface chemical reaction},
  author={He, Xiaoyi and Li, Ning and Goldstein, Byron},
  journal={Molecular Simulation},
  volume={25},
  number={3-4},
  pages={145--156},
  year={2000},
  publisher={Taylor \& Francis}
}

@article{SwiftOrlandiniOsbornYeomans1996,
  title = {Lattice Boltzmann simulations of liquid-gas and binary fluid systems},
  author = {Swift, Michael R. and Orlandini, E. and Osborn, W. R. and Yeomans, J. M.},
  journal = {Phys. Rev. E},
  volume = {54},
  issue = {5},
  pages = {5041--5052},
  numpages = {0},
  year = {1996},
  month = {Nov},
  publisher = {American Physical Society},
  doi = {10.1103/PhysRevE.54.5041},
  url = {http://link.aps.org/doi/10.1103/PhysRevE.54.5041}
}

@article{vandersman2006,
  title = {Galilean invariant lattice Boltzmann scheme for natural convection on square and rectangular lattices},
  author = {van der Sman, R. G. M.},
  journal = {Phys. Rev. E},
  volume = {74},
  issue = {2},
  pages = {026705},
  numpages = {17},
  year = {2006},
  month = {Aug},
  publisher = {American Physical Society},
  doi = {10.1103/PhysRevE.74.026705},
  url = {http://link.aps.org/doi/10.1103/PhysRevE.74.026705}
}
@article{van2000convection,
  title={Convection-diffusion lattice Boltzmann scheme for irregular lattices},
  author={Van der Sman, RGM and Ernst, MH},
  journal={Journal of Computational Physics},
  volume={160},
  number={2},
  pages={766--782},
  year={2000},
  publisher={Elsevier}
}

@article{shi2008new,
  title={A new scheme for source term in LBGK model for convection--diffusion equation},
  author={Shi, Baochang and Deng, Bin and Du, Rui and Chen, Xingwang},
  journal={Computers \& Mathematics with Applications},
  volume={55},
  number={7},
  pages={1568--1575},
  year={2008},
  publisher={Elsevier}
}

@article{skordos1993initial,
  title={Initial and boundary conditions for the lattice Boltzmann method},
  author={Skordos, PA},
  journal={Physical Review E},
  volume={48},
  number={6},
  pages={4823},
  year={1993},
  publisher={APS}
}

@article{shan1995multicomponent,
  title={Multicomponent lattice-Boltzmann model with interparticle interaction},
  author={Shan, Xiaowen and Doolen, Gary},
  journal={Journal of Statistical Physics},
  volume={81},
  number={1-2},
  pages={379--393},
  year={1995},
  publisher={Springer}
}

@article{mccracken2005lattice,
  title={Lattice Boltzmann methods for binary mixtures with different molecular weights},
  author={McCracken, Michael E and Abraham, John},
  journal={Physical Review E},
  volume={71},
  number={4},
  pages={046704},
  year={2005},
  publisher={APS}
}
 
@article{chai2013lattice,
  title={Lattice Boltzmann model for the convection-diffusion equation},
  author={Chai, Zhenhua and Zhao, TS},
  journal={Physical Review E},
  volume={87},
  number={6},
  pages={063309},
  year={2013},
  publisher={APS}
}

@article{chai2014nonequilibrium,
  title={Nonequilibrium scheme for computing the flux of the convection-diffusion equation in the framework of the lattice Boltzmann method},
  author={Chai, Zhenhua and Zhao, TS},
  journal={Physical Review E},
  volume={90},
  number={1},
  pages={013305},
  year={2013},
  publisher={APS}
}

@article{BGK-PhysRev.94.511,
  title = {A Model for Collision Processes in Gases. I. Small Amplitude Processes in Charged and Neutral One-Component Systems},
  author = {Bhatnagar, P. L. and Gross, E. P. and Krook, M.},
  journal = {Phys. Rev.},
  volume = {94},
  issue = {3},
  pages = {511--525},
  numpages = {0},
  year = {1954},
  month = {May},
  publisher = {American Physical Society},
  doi = {10.1103/PhysRev.94.511},
  url = {http://link.aps.org/doi/10.1103/PhysRev.94.511}
}

@article{hiorth2013precipitation,
  title={Precipitation, dissolution, and ion exchange processes coupled with a lattice Boltzmann advection diffusion solver},
  author={Hiorth, A and Jettestuen, E and Cathles, LM and Madland, MV},
  journal={Geochimica et Cosmochimica Acta},
  volume={104},
  pages={99--110},
  year={2013},
  publisher={Elsevier}
}

@article{kang2007improved,
  title={An improved lattice Boltzmann model for multicomponent reactive transport in porous media at the pore scale},
  author={Kang, Qinjun and Lichtner, Peter C and Zhang, Dongxiao},
  journal={Water Resources Research},
  volume={43},
  number={12},
  year={2007},
  publisher={Wiley Online Library}
}

@article{kingdon1992reaction,
  title={A reaction-flow lattice Boltzmann model},
  author={Kingdon, RD and Schofield, P},
  journal={Journal of Physics A: Mathematical and General},
  volume={25},
  number={14},
  pages={L907},
  year={1992},
  publisher={IOP Publishing}
}

@article{cali1992diffusion,
  title={Diffusion and hydrodynamic dispersion with the lattice Boltzmann method},
  author={Cali, A and Succi, S and Cancelliere, A and Benzi, R and Gramignani, M},
  journal={Physical Review A},
  volume={45},
  number={8},
  pages={5771},
  year={1992},
  publisher={APS}
}

@article{dawson1993lattice,
  title={Lattice Boltzmann computations for reaction-diffusion equations},
  author={Dawson, S Ponce and Chen, S and Doolen, Gary D},
  journal={The Journal of chemical physics},
  volume={98},
  number={2},
  pages={1514--1523},
  year={1993},
  publisher={AIP Publishing}
}

@article{mei2006consistent,
  title={Consistent initial conditions for lattice Boltzmann simulations},
  author={Mei, Renwei and Luo, Li-Shi and Lallemand, Pierre and d‚ÄôHumi{\`e}res, Dominique},
  journal={Computers \& Fluids},
  volume={35},
  number={8},
  pages={855--862},
  year={2006},
  publisher={Elsevier}
}

@article{reider1995accuracy,
  title={Accuracy of discrete-velocity BGK models for the simulation of the incompressible Navier-Stokes equations},
  author={Reider, Marc B and Sterling, James D},
  journal={Computers \& fluids},
  volume={24},
  number={4},
  pages={459--467},
  year={1995},
  publisher={Elsevier}
}

@article{junk2000discretizations,
  title={Discretizations for the Incompressible Navier--Stokes Equations Based on the Lattice Boltzmann Method},
  author={Junk, Michael and Klar, Axel},
  journal={SIAM Journal on Scientific Computing},
  volume={22},
  number={1},
  pages={1--19},
  year={2000},
  publisher={SIAM}
}

@article{junk2001finite,
  title={A finite difference interpretation of the lattice Boltzmann method},
  author={Junk, Michael},
  journal={Numerical Methods for Partial Differential Equations},
  volume={17},
  number={4},
  pages={383--402},
  year={2001},
  publisher={Wiley Online Library}
}

@article{holdych2004truncation,
  title={Truncation error analysis of lattice Boltzmann methods},
  author={Holdych, David J and Noble, David R and Georgiadis, John G and Buckius, Richard O},
  journal={Journal of Computational Physics},
  volume={193},
  number={2},
  pages={595--619},
  year={2004},
  publisher={Elsevier}
}

@article{Steefel2005539,
title = "Reactive transport modeling: An essential tool and a new research approach for the Earth sciences ",
journal = "Earth and Planetary Science Letters ",
volume = "240",
number = "3‚Äì4",
pages = "539 - 558",
year = "2005",
note = "",
issn = "0012-821X",
doi = "http://dx.doi.org/10.1016/j.epsl.2005.09.017",
author = "Carl I. Steefel and Donald J. DePaolo and Peter C. Lichtner"
}

@book{kincaid2002numerical,
  title={Numerical analysis: mathematics of scientific computing},
  author={Kincaid, David Ronald and Cheney, Elliott Ward},
  volume={2},
  year={2002},
  publisher={American Mathematical Soc.}
}
@article{huang2015lattice,
  title={Lattice Boltzmann model for the correct convection-diffusion equation with divergence-free velocity field},
  author={Huang, Rongzong and Wu, Huiying},
  journal={Physical Review E},
  volume={91},
  number={3},
  pages={033302},
  year={2015},
  publisher={APS}
}

@article{gray2016enhancing,
  title={Enhancing Computational Precision for Lattice Boltzmann Schemes in Porous Media Flows},
  author={Gray, Farrel and Boek, Edo},
  journal={Computation},
  volume={4},
  number={1},
  pages={11},
  year={2016},
  publisher={Multidisciplinary Digital Publishing Institute}
}

@inproceedings{shi2007lattice,
  title={Lattice Boltzmann simulation of some nonlinear complex equations},
  author={Shi, Baochang},
  booktitle={International Conference on Computational Science},
  pages={818--825},
  year={2007},
  organization={Springer}
}


@article{cheng2008introducing,
  title={Introducing unsteady non-uniform source terms into the lattice Boltzmann model},
  author={Cheng, Yongguang and Li, Jinping},
  journal={International journal for numerical methods in fluids},
  volume={56},
  number={6},
  pages={629--641},
  year={2008},
  publisher={Wiley Online Library}
}

@book{batchelor2000introduction,
  title={An introduction to fluid dynamics},
  author={Batchelor, George Keith},
  year={2000},
  publisher={Cambridge university press}
}

@inproceedings{wang2017lattice,
  title={Lattice Boltzmann based internal wave-maker},
  author={Wang, Kai and Yu, Yang and Yang, Liuming and Hou, Guoxiang and Xu, Sheng and Xu, Shihua and others},
  booktitle={The 27th International Ocean and Polar Engineering Conference},
  year={2017},
  organization={International Society of Offshore and Polar Engineers}
}

@article{DELLAR2014270,
title = "Lattice Boltzmann algorithms without cubic defects in Galilean invariance on standard lattices",
journal = "Journal of Computational Physics",
volume = "259",
number = "Supplement C",
pages = "270 - 283",
year = "2014",
issn = "0021-9991",
doi = "https://doi.org/10.1016/j.jcp.2013.11.021",
url = "http://www.sciencedirect.com/science/article/pii/S0021999113007833",
author = "Paul J. Dellar",
keywords = "Galilean invariance",
keywords = "Matrix collision operators",
keywords = "Shear flows",
keywords = "Computational fluid dynamics"
}

@article{aursjo2017improved,
  title={An improved lattice Boltzmann method for simulating advective--diffusive processes in fluids},
  author={Aursj{\o}, Olav and Jettestuen, Espen and Vinningland, Jan Ludvig and Hiorth, Aksel},
  journal={Journal of Computational Physics},
  volume={332},
  pages={363--375},
  year={2017},
  publisher={Elsevier}
}

@inproceedings{cabral1993imaging,
  title={Imaging vector fields using line integral convolution},
  author={Cabral, Brian and Leedom, Leith Casey},
  booktitle={Proceedings of the 20th annual conference on Computer graphics and interactive techniques},
  pages={263--270},
  year={1993},
  organization={ACM}
}

@article{aursjo2010oscillation,
  title={Oscillation-induced displacement patterns in a two-dimensional porous medium: A lattice Boltzmann study},
  author={Aursj{\o}, Olav and Knudsen, Henning Arendt and Flekk{\o}y, Eirik G and M{\aa}l{\o}y, Knut J{\o}rgen},
  journal={Physical Review E},
  volume={82},
  number={2},
  pages={026305},
  year={2010},
  publisher={APS}
}

@article{aursjo2011direct,
  title={A direct comparison between a slow pore scale drainage experiment and a 2D lattice Boltzmann simulation},
  author={Aursj{\o}, Olav and L{\o}voll, Grunde and Knudsen, Henning Arendt and Flekk{\o}y, Eirik G and M{\aa}l{\o}y, Knut J{\o}rgen},
  journal={Transport in porous media},
  volume={86},
  number={1},
  pages={125--134},
  year={2011},
  publisher={Springer}
}

@article{kuzmin2011simultaneous,
  title={Simultaneous incorporation of mass and force terms in the multi-relaxation-time framework for lattice Boltzmann schemes},
  author={Kuzmin, A and Guo, ZL and Mohamad, AA},
  journal={Philosophical Transactions of the Royal Society of London A: Mathematical, Physical and Engineering Sciences},
  volume={369},
  number={1944},
  pages={2219--2227},
  year={2011},
  publisher={The Royal Society}
}

@Article{Ziegler1993,
author="Ziegler, Donald P.",
title="Boundary conditions for lattice Boltzmann simulations",
journal="Journal of Statistical Physics",
year="1993",
month="Jun",
day="01",
volume="71",
number="5",
pages="1171--1177",
abstract="A heuristic interpretation of no-slip boundary conditions for lattice Boltzmann and lattice gas simulations is developed. An improvement is suggested which consists of including the wall nodes in the collision operation.",
issn="1572-9613",
doi="10.1007/BF01049965",
url="https://doi.org/10.1007/BF01049965"
}

@article{he1997analytic,
  title={Analytic solutions of simple flows and analysis of nonslip boundary conditions for the lattice Boltzmann BGK model},
  author={He, Xiaoyi and Zou, Qisu and Luo, Li-Shi and Dembo, Micah},
  journal={Journal of Statistical Physics},
  volume={87},
  number={1},
  pages={115--136},
  year={1997},
  publisher={Springer}
}

@Article{Zhang2011,
author="Zhang, Junfeng",
title="Lattice Boltzmann method for microfluidics: models and applications",
journal="Microfluidics and Nanofluidics",
year="2011",
month="Jan",
day="01",
volume="10",
number="1",
pages="1--28",
issn="1613-4990",
doi="10.1007/s10404-010-0624-1",
url="https://doi.org/10.1007/s10404-010-0624-1"
}

@Article{He1997,
author="He, Xiaoyi
and Luo, Li-Shi",
title="Lattice Boltzmann Model for the Incompressible Navier--Stokes Equation",
journal="Journal of Statistical Physics",
year="1997",
month="Aug",
day="01",
volume="88",
number="3",
pages="927--944",
issn="1572-9613",
doi="10.1023/B:JOSS.0000015179.12689.e4",
url="https://doi.org/10.1023/B:JOSS.0000015179.12689.e4"
}

@article{reider1995accuracy,
  title={Accuracy of discrete-velocity BGK models for the simulation of the incompressible Navier-Stokes equations},
  author={Reider, Marc B and Sterling, James D},
  journal={Computers \& fluids},
  volume={24},
  number={4},
  pages={459--467},
  year={1995},
  publisher={Elsevier}
}

@article{LI201662,
title = "Lattice Boltzmann methods for multiphase flow and phase-change heat transfer",
journal = "Progress in Energy and Combustion Science",
volume = "52",
pages = "62 - 105",
year = "2016",
issn = "0360-1285",
doi = "https://doi.org/10.1016/j.pecs.2015.10.001",
url = "http://www.sciencedirect.com/science/article/pii/S0360128515300162",
author = "Q. Li and K.H. Luo and Q.J. Kang and Y.L. He and Q. Chen and Q. Liu",
keywords = "Lattice Boltzmann method, Mesoscopic modeling, Multiphase flow, Heat transfer, Phase change"
}

@book{kruger2017lattice,
  title={The Lattice Boltzmann Method},
  author={Kr{\"u}ger, Timm and Kusumaatmaja, Halim and Kuzmin, Alexandr and Shardt, Orest and Silva, Goncalo and Viggen, Erlend Magnus},
  year={2017},
  publisher={Springer}
}

@article{chen1998lattice,
  title={Lattice Boltzmann method for fluid flows},
  author={Chen, Shiyi and Doolen, Gary D},
  journal={Annual review of fluid mechanics},
  volume={30},
  number={1},
  pages={329--364},
  year={1998},
  publisher={Annual Reviews 4139 El Camino Way, PO Box 10139, Palo Alto, CA 94303-0139, USA}
}

@article{ramstad2010simulation,
  title={Simulation of two-phase flow in reservoir rocks using a lattice Boltzmann method},
  author={Ramstad, Thomas and {\O}ren, P{\aa}l-Eric and Bakke, Stig and others},
  journal={SPE Journal},
  volume={15},
  number={04},
  pages={917--927},
  year={2010},
  publisher={Society of Petroleum Engineers}
}

@article{ferrari2013direct,
  title={Direct numerical simulations of interface dynamics to link capillary pressure and total surface energy},
  author={Ferrari, Andrea and Lunati, Ivan},
  journal={Advances in water resources},
  volume={57},
  pages={19--31},
  year={2013},
  publisher={Elsevier}
}

@article{pan2004lattice,
  title={Lattice-Boltzmann simulation of two-phase flow in porous media},
  author={Pan, C and Hilpert, M and Miller, CT},
  journal={Water Resources Research},
  volume={40},
  number={1},
  year={2004},
  publisher={Wiley Online Library}
}

@article{boek2010lattice,
  title={Lattice-Boltzmann studies of fluid flow in porous media with realistic rock geometries},
  author={Boek, Edo S and Venturoli, Maddalena},
  journal={Computers \& Mathematics with Applications},
  volume={59},
  number={7},
  pages={2305--2314},
  year={2010},
  publisher={Elsevier}
}

@article{ginzburg2008two,
  title={Two-relaxation-time lattice Boltzmann scheme: About parametrization, velocity, pressure and mixed boundary conditions},
  author={Ginzburg, Irina and Verhaeghe, Frederik and d'Humieres, Dominique},
  journal={Communications in computational physics},
  volume={3},
  number={2},
  pages={427--478},
  year={2008}
}

@article{PhysRevE.77.066704,
  title = {Consistent lattice Boltzmann schemes for the Brinkman model of porous flow and infinite Chapman-Enskog expansion},
  author = {Ginzburg, Irina},
  journal = {Phys. Rev. E},
  volume = {77},
  issue = {6},
  pages = {066704},
  numpages = {12},
  year = {2008},
  month = {Jun},
  publisher = {American Physical Society},
  doi = {10.1103/PhysRevE.77.066704},
  url = {https://link.aps.org/doi/10.1103/PhysRevE.77.066704}
}


@article{halliday2001lattice,
  title={Lattice Boltzmann equation hydrodynamics},
  author={Halliday, I and Hammond, LA and Care, CM and Good, K and Stevens, A},
  journal={Physical review E},
  volume={64},
  number={1},
  pages={011208},
  year={2001},
  publisher={APS}
}

@article{papanastasiou1987flows,
  title={Flows of materials with yield},
  author={Papanastasiou, Tasos C},
  journal={Journal of Rheology},
  volume={31},
  number={5},
  pages={385--404},
  year={1987},
  publisher={SOR}
}

@article{LAFAURIE1994134,
title = "Modelling Merging and Fragmentation in Multiphase Flows with SURFER",
journal = "Journal of Computational Physics",
volume = "113",
number = "1",
pages = "134 - 147",
year = "1994",
issn = "0021-9991",
doi = "https://doi.org/10.1006/jcph.1994.1123",
url = "http://www.sciencedirect.com/science/article/pii/S0021999184711235",
author = "Bruno Lafaurie and Carlo Nardone and Ruben Scardovelli and St\'ephane Zaleski and Gianluigi Zanetti"
}


@article{reis_lattice_2007,
	title = {Lattice {Boltzmann} model for simulating immiscible two-phase flows},
	volume = {40},
	issn = {1751-8113, 1751-8121},
	url = {http://stacks.iop.org/1751-8121/40/i=14/a=018?key=crossref.3c6a8995a2acb18246b4436071023477},
	doi = {10.1088/1751-8113/40/14/018},
	abstract = {The lattice Boltzmann equation is often promoted as a numerical simulation tool that is particularly suitable for predicting the Ô¨Çow of complex Ô¨Çuids. This paper develops a two-dimensional 9-velocity (D2Q9) lattice Boltzmann model for immiscible binary Ô¨Çuids with variable viscosities and density ratio using a single relaxation time for each Ô¨Çuid. In the macroscopic limit, this model is shown to recover the Navier‚ÄìStokes equations for two-phase Ô¨Çows. This is achieved by constructing a two-phase component of the collision operator that induces the appropriate surface tension term in the macroscopic equations. A theoretical expression for surface tension is determined. The validity of this analysis is conÔ¨Årmed by comparing numerical and theoretical predictions of surface tension as a function of density. The model is also shown to predict Laplace‚Äôs law for surface tension and Poiseuille Ô¨Çow of layered immiscible binary Ô¨Çuids. The spinodal decomposition of two Ô¨Çuids of equal density but different viscosity is then studied. At equilibrium, the system comprises one large low viscosity bubble enclosed by the more viscous Ô¨Çuid in agreement with theoretical arguments of Renardy and Joseph (1993 Fundamentals of Two-Fluid Dynamics (New York: Springer)). Two other simulations, namely the non-equilibrium rod rest and the coalescence of two bubbles, are performed to show that this model can be used to simulate two Ô¨Çuids with a large density ratio.},
	language = {en},
	number = {14},
	urldate = {2020-02-20},
	journal = {Journal of Physics A: Mathematical and Theoretical},
	author = {Reis, T and Phillips, T N},
	month = apr,
	year = {2007},
	pages = {4033--4053},
	file = {Reis_2007_J._Phys._A__Math._Theor._40_018.pdf:/home/AD.NORCERESEARCH.NO/esje/Dropbox/EspensMappe/Zotero/JournalPapers/Reis_2007_J._Phys._A__Math._Theor._40_018.pdf:application/pdf},
}


@article{sukop_lattice_nodate,
	title = {Lattice {Boltzmann} modeling: an introduction for geoscientists and engineers, 2005},
	shorttitle = {Lattice {Boltzmann} modeling},
	journal = {Google Scholar Google Scholar Digital Library Digital Library},
	author = {Sukop, M. C. and Thorne, D. T.},
}


@book{succi_lattice_2001,
	title = {The lattice {Boltzmann} equation: for fluid dynamics and beyond},
	shorttitle = {The lattice {Boltzmann} equation},
	publisher = {Oxford university press},
	author = {Succi, Sauro},
	year = {2001},
	file = {Snapshot:/home/AD.NORCERESEARCH.NO/esje/Zotero/storage/A9GTKDNH/books.html:text/html},
}


@book{kruger_lattice_2017,
	address = {Cham},
	series = {Graduate texts in physics},
	title = {The {Lattice} {Boltzmann} method: principles and practice},
	isbn = {978-3-319-44647-9 978-3-319-44649-3},
	shorttitle = {The {Lattice} {Boltzmann} method},
	language = {en},
	publisher = {Springer},
	author = {Kr√ºger, Timm and Kusumaatmaja, Halim and Kuzmin, Alexandr and Shardt, Orest and Silva, Goncalo and Viggen, Erlend Magnus},
	year = {2017},
	note = {OCLC: 965376988},
	keywords = {Lattice Boltzmann, Computer science},
	file = {Kr√ºger et al. - 2017 - The Lattice Boltzmann method principles and pract.pdf:/home/AD.NORCERESEARCH.NO/esje/Dropbox/EspensMappe/Zotero/Kr√ºger et al. - 2017 - The Lattice Boltzmann method principles and pract.pdf:application/pdf;TheLatticeBoltzmannMethod_book978-3-319-44649-3.pdf:/home/AD.NORCERESEARCH.NO/esje/Dropbox/EspensMappe/Zotero/TheLatticeBoltzmannMethod_book978-3-319-44649-3.pdf:application/pdf;Kr√ºger et al. - 2017 - The Lattice Boltzmann method principles and pract.pdf:/home/AD.NORCERESEARCH.NO/esje/Dropbox/EspensMappe/Zotero/Kr√ºger et al. - 2017 - The Lattice Boltzmann method principles and pract.pdf:application/pdf},
}


@book{chapman_mathematical_1990,
	title = {The mathematical theory of non-uniform gases: an account of the kinetic theory of viscosity, thermal conduction and diffusion in gases},
	shorttitle = {The mathematical theory of non-uniform gases},
	publisher = {Cambridge university press},
	author = {Chapman, Sydney and Cowling, Thomas George},
	year = {1990},
	file = {Snapshot:/home/AD.NORCERESEARCH.NO/esje/Zotero/storage/42TDXDL4/books.html:text/html},
}


@article{bhatnagar_model_1954,
	title = {A model for collision processes in gases. {I}. {Small} amplitude processes in charged and neutral one-component systems},
	volume = {94},
	number = {3},
	journal = {Physical review},
	author = {Bhatnagar, Prabhu Lal and Gross, Eugene P. and Krook, Max},
	year = {1954},
	note = {Publisher: APS},
	pages = {511},
	file = {Full Text:/home/AD.NORCERESEARCH.NO/esje/Zotero/storage/4AKLZJPE/Bhatnagar et al. - 1954 - A model for collision processes in gases. I. Small.pdf:application/pdf;Snapshot:/home/AD.NORCERESEARCH.NO/esje/Zotero/storage/49U8W9GB/PhysRev.94.html:text/html},
}

@article{abe_derivation_1997,
	title = {Derivation of the {Lattice} {Boltzmann} {Method} by {Means} of the {Discrete} {Ordinate} {Method} for the {Boltzmann} {Equation}},
	volume = {131},
	issn = {00219991},
	url = {https://linkinghub.elsevier.com/retrieve/pii/S0021999196955953},
	doi = {10.1006/jcph.1996.5595},
	language = {en},
	number = {1},
	urldate = {2020-02-20},
	journal = {Journal of Computational Physics},
	author = {Abe, Takashi},
	month = feb,
	year = {1997},
	keywords = {Lattice Boltzmann},
	pages = {241--246},
	file = {1-s2.0-S0021999196955953-main.pdf:/home/AD.NORCERESEARCH.NO/esje/Dropbox/EspensMappe/Zotero/JournalPapers/1-s2.0-S0021999196955953-main.pdf:application/pdf},
}


@article{he_priori_1997,
	title = {A priori derivation of the lattice {Boltzmann} equation},
	volume = {55},
	url = {https://link.aps.org/doi/10.1103/PhysRevE.55.R6333},
	doi = {10.1103/PhysRevE.55.R6333},
	abstract = {The lattice Boltzmann equation (LBE) is directly derived from the Boltzmann equation by discretization in both time and phase space. A procedure to systematically derive discrete velocity models is presented. A LBE algorithm with arbitrary mesh grids is proposed and a numerical simulation of the backward-facing step is conducted. The numerical result agrees well with experimental and previous numerical results. Various improvements on the LBE models are discussed, and an explanation of the instability of the existing LBE thermal models is also provided.},
	number = {6},
	urldate = {2020-12-03},
	journal = {Physical Review E},
	author = {He, Xiaoyi and Luo, Li-Shi},
	month = jun,
	year = {1997},
	note = {Publisher: American Physical Society},
	keywords = {Lattice Boltzmann},
	pages = {R6333--R6336},
	file = {He-Luo_PRER-1997.pdf:/home/AD.NORCERESEARCH.NO/esje/Dropbox/EspensMappe/Zotero/JournalPapers/He-Luo_PRER-1997.pdf:application/pdf;HeLuo_APrioriDerivationOfTheLatticeBoltzmannEquation_PhysRevE_vol55_pR6333_1997.pdf:/home/AD.NORCERESEARCH.NO/esje/Dropbox/EspensMappe/Zotero/JournalPapers/HeLuo_APrioriDerivationOfTheLatticeBoltzmannEquation_PhysRevE_vol55_pR6333_1997.pdf:application/pdf;QL-tpMNDMfa.pdf:/home/AD.NORCERESEARCH.NO/esje/Dropbox/EspensMappe/Zotero/JournalPapers/QL-tpMNDMfa.pdf:application/pdf},
}

@article{he_theory_1997,
	title = {Theory of the lattice {Boltzmann} method: {From} the {Boltzmann} equation to the lattice {Boltzmann} equation},
	volume = {56},
	issn = {1063-651X, 1095-3787},
	shorttitle = {Theory of the lattice {Boltzmann} method},
	url = {https://link.aps.org/doi/10.1103/PhysRevE.56.6811},
	doi = {10.1103/PhysRevE.56.6811},
	language = {en},
	number = {6},
	urldate = {2020-02-20},
	journal = {Physical Review E},
	author = {He, Xiaoyi and Luo, Li-Shi},
	month = dec,
	year = {1997},
	keywords = {Lattice Boltzmann},
	pages = {6811--6817},
	file = {He-Luo_PRE-1997.pdf:/home/AD.NORCERESEARCH.NO/esje/Dropbox/EspensMappe/Zotero/JournalPapers/He-Luo_PRE-1997.pdf:application/pdf;QL-UzT62EHe.pdf:/home/AD.NORCERESEARCH.NO/esje/Dropbox/EspensMappe/Zotero/JournalPapers/QL-UzT62EHe.pdf:application/pdf;He_Luo_TheoryOfTheLBMethodFromTheBoltzmannEquationToTheLatticeBoltzmannEquation_PhysRevE_vol56_p6811_1997.pdf:/home/AD.NORCERESEARCH.NO/esje/Dropbox/EspensMappe/Zotero/JournalPapers/He_Luo_TheoryOfTheLBMethodFromTheBoltzmannEquationToTheLatticeBoltzmannEquation_PhysRevE_vol56_p6811_1997.pdf:application/pdf},
}


@book{wolf-gladrow_lattice-gas_2004,
	title = {Lattice-gas cellular automata and lattice {Boltzmann} models: an introduction},
	shorttitle = {Lattice-gas cellular automata and lattice {Boltzmann} models},
	publisher = {Springer},
	author = {Wolf-Gladrow, Dieter A.},
	year = {2004},
	file = {Full Text:/home/AD.NORCERESEARCH.NO/esje/Zotero/storage/DT8UTLJC/Wolf-Gladrow - 2004 - Lattice-gas cellular automata and lattice Boltzman.pdf:application/pdf;Snapshot:/home/AD.NORCERESEARCH.NO/esje/Zotero/storage/YC4UHLQD/books.html:text/html},
}


@article{aursjo_inclusion_2018,
	title = {On the inclusion of mass source terms in a single-relaxation-time lattice {Boltzmann} method},
	volume = {30},
	issn = {1070-6631, 1089-7666},
	url = {http://aip.scitation.org/doi/10.1063/1.5024641},
	doi = {10.1063/1.5024641},
	abstract = {We present a lattice Boltzmann algorithm for incorporating a mass source in a fluid flow system. The
	proposed mass source/sink term, included in the lattice Boltzmann equation, maintains the Galilean
	invariance and the accuracy of the overall method, while introducing a mass source/sink term in the
	fluid dynamical equations. The method can, for instance, be used to inject or withdraw fluid from any
	preferred lattice node in a system. This suggests that injection and withdrawal of fluid does not have to
	be introduced through cumbersome, and sometimes less accurate, boundary conditions. The method
	also suggests that, through a chosen equation of state relating mass density to pressure, the proposed
	mass source term will render it possible to set a preferred pressure at any lattice node in a system.
	We demonstrate how this model handles injection and withdrawal of a fluid. And we show how it
	can be used to incorporate pressure boundaries. The accuracy of the algorithm is identified through a
	Chapman-Enskog expansion of the model and supported by the numerical simulations},
	language = {en},
	number = {5},
	urldate = {2019-11-15},
	journal = {Physics of Fluids},
	author = {Aursj√∏, Olav and Jettestuen, Espen and Vinningland, Jan Ludvig and Hiorth, Aksel},
	month = may,
	year = {2018},
	keywords = {Lattice Boltzmann, My Publications},
	pages = {057104},
	file = {1.5024641.pdf:/home/AD.NORCERESEARCH.NO/esje/Dropbox/EspensMappe/Zotero/JournalPapers/1.5024641.pdf:application/pdf},
}


@article{wolfram_cellular_1986,
	title = {Cellular automaton fluids 1: {Basic} theory},
	volume = {45},
	shorttitle = {Cellular automaton fluids 1},
	number = {3},
	journal = {Journal of statistical physics},
	author = {Wolfram, Stephen},
	year = {1986},
	note = {Publisher: Springer},
	pages = {471--526},
	file = {Full Text:/home/AD.NORCERESEARCH.NO/esje/Zotero/storage/93RNAUHH/Wolfram - 1986 - Cellular automaton fluids 1 Basic theory.pdf:application/pdf;Snapshot:/home/AD.NORCERESEARCH.NO/esje/Zotero/storage/VT4LSQLI/BF01021083.html:text/html},
}
